<?xml version="1.0" encoding="UTF-8"?><collection xmlns="http://www.loc.gov/MARC21/slim"><record><leader>00412nam--2200133-i-4500</leader><controlfield tag="001">000016461</controlfield><controlfield tag="002">20161230</controlfield><controlfield tag="005">20161230201031</controlfield><controlfield tag="008">060222s1000------------r-----000-0-eng-d</controlfield><datafield ind1=" " ind2=" " tag="100"><subfield code="a">Cohn-bloch, Marion</subfield></datafield><datafield ind1=" " ind2=" " tag="245"><subfield code="a">Algorithmes et estimations pour le probleme a n fermions. applications a un modele de l effe t josephson. these</subfield></datafield><datafield ind1=" " ind2=" " tag="260"><subfield code="a">Geneve, Universite, 1977</subfield></datafield><datafield ind1=" " ind2=" " tag="490"><subfield code="a">146p</subfield></datafield><datafield ind1=" " ind2=" " tag="852"><subfield code="a">530.1:537.312.62(043)</subfield></datafield></record></collection>